@article{que2019,
    author = {Suzie Que},
    title = {Notice to all students},
    journaltitle = {Anytown High School Homepage},
    publisher = {County Board of Education},
    date = {2019-04-20},
    howpublished = {Web},
    urldate = {2019-04-21}
}
