@article{que2019,
    author = {Suzie Que},
    title = {Notice to all students},
    journaltitle = {Anytown High School Homepage},
    publisher = {County Board of Education},
    date = {2019-04-20},
    howpublished = {Web},
    urldate = {2019-04-21}
}

@online{price2018,
    author = {Seth Price},
    title = {Spruce Knob Overlook},
    publisher = {Instagram},
    date = {2018-07-20},
    howpublished = {Web},
    url = {https://www.instagram.com/p/Bleocv-hknc/},
    urldate = {2019-05-29}
}
